<?xml version="1.0" encoding="UTF-8" ?>
<collection xmlns:xsi="http://www.w3.org/2001/XMLSchema-instance"
    xsi:schemaLocation="http://www.loc.gov/MARC21/slim
        http://www.loc.gov/standards/marcxml/schema/MARC21slim.xsd"
    xmlns="http://www.loc.gov/MARC21/slim">
<record>
  <leader>00287cam a2200565 ia4500</leader>
  <controlfield tag="001">b12377740</controlfield>
  <controlfield tag="003">LeBAU</controlfield>
  <controlfield tag="005">20140324</controlfield>
  <controlfield tag="008">970304m19061927ua            ||0 0 ara d</controlfield>
  <datafield tag="035" ind1=" " ind2=" ">
    <subfield code="a">ocn784289451</subfield>
  </datafield>
  <datafield tag="040" ind1=" " ind2=" ">
    <subfield code="a">LEAUB</subfield>
    <subfield code="b">ara</subfield>
    <subfield code="e">rda</subfield>
    <subfield code="c">LEAUB</subfield>
    <subfield code="d">LEAUB</subfield>
  </datafield>
  <datafield tag="082" ind1="0" ind2="4">
    <subfield code="a">297.207</subfield>
    <subfield code="2">20</subfield>
  </datafield>
  <datafield tag="100" ind1="0" ind2=" ">
    <subfield code="6">880-01</subfield>
    <subfield code="a">Muḥammad Rashīd Riḍā,</subfield>
    <subfield code="d">1865-1935،</subfield>
    <subfield code="e">author.</subfield>
  </datafield>
  <datafield tag="240" ind1="1" ind2="0">
    <subfield code="6">880-02</subfield>
    <subfield code="a">Qur’an. tafāsīr</subfield>
  </datafield>
  <datafield tag="245" ind1="1" ind2="0">
    <subfield code="6">880-03</subfield>
    <subfield code="a">Tafsīr al-Qurʼān al-hakīm al-mushtahir bi-ism Tafsīr al-Manār /</subfield>
    <subfield code="c">ta’līf al-Sayyid Muḥammad Rashīd Riḍā.</subfield>
  </datafield>
  <datafield tag="246" ind1="3" ind2="0">
    <subfield code="6">880-04</subfield>
    <subfield code="a">Tafsīr al-Manār</subfield>
  </datafield>
  <datafield tag="246" ind1="1" ind2=" ">
    <subfield code="6">880-05</subfield>
    <subfield code="a">tafsīr salafī atharī madanī ‘aṣrī irshādī ijtimā‘ī siyāsī</subfield>
    <subfield code="a">تفسير سلفي أثري مدني عصري إرشادي إجتماعي سياسي</subfield>
  </datafield>
  <datafield tag="250" ind1=" " ind2=" ">
    <subfield code="6">880-06</subfield>
    <subfield code="a">First edition</subfield>
  </datafield>
  <datafield tag="264" ind1=" " ind2="1">
    <subfield code="6">880-07</subfield>
    <subfield code="a">Miṣr :</subfield>
    <subfield code="b">Maṭbaʻat al-Manār,</subfield>
    <subfield code="c">1324-1346 H., [1906-1927? M.]</subfield>
  </datafield>
  <datafield tag="300" ind1=" " ind2=" ">
    <subfield code="6">880-08</subfield>
    <subfield code="a">8 volumes ;</subfield>
    <subfield code="c">24 cm</subfield>
  </datafield>
  <datafield tag="336" ind1=" " ind2=" ">
    <subfield code="a">text</subfield>
    <subfield code="b">txt</subfield>
    <subfield code="2">rdacontent</subfield>
  </datafield>
  <datafield tag="337" ind1=" " ind2=" ">
    <subfield code="a">unmediated</subfield>
    <subfield code="b">n</subfield>
    <subfield code="2">rdamedia</subfield>
  </datafield>
  <datafield tag="338" ind1=" " ind2=" ">
    <subfield code="a">volume</subfield>
    <subfield code="b">nc</subfield>
    <subfield code="2">rdacarrier</subfield>
  </datafield>
  <datafield tag="500" ind1=" " ind2=" ">
    <subfield code="a">"هذا هو التفسير الوحيد الجامع بين صحيح المأثور وصريح المعقول الذي يبين حكم التشريع وسنن الله في الإنسان، وكون القرآن هداية للبشر في كل زمان ومكان، ويوازن بين هدايته وما عليه المسلمون في هذا العصر وقد أعرضوا عنها، وما كان عليه سلفهم المعتصمين بحبلها، مراعي فيه السهولة في التعبير، مجتنبا مزج الكلام بإصطلاحات العلوم والفنون بحيث يفهمه العامة ولا يستغني عنه الخاصة، وهذه هي الطريقة التي جرى عليها في دروسه في الأزهر حكيم الإسلام الأستاذ الإمام الشيخ محمد عبده."--صفحة العنوان.</subfield>
  </datafield>
  <datafield tag="505" ind1="0" ind2=" ">
    <subfield code="a">تفسير القرآن الحكيم المشتهر بإسم تفسير المنار: الجزء الثاني. وفيه خلاصة ما قاله الأستاذ الإمام في دروسه بالجامع الأزهر وقد قرأ أكثر من نصفه قبل طبعه وبعده --الجزء الثالث. أوله "تلك الرسائل" وفيه صفوة ما قاله الأستاذ الإمام --الجزء الرابع. أوله "كل الطعام" وفيه صفوة ما قاله الأستاذ الإمام في دروسه وقد إعتمدنا بعدد الآيات فيه على المصحف المطبوع في ألمانيا وفرقنا بينهما بنقطتين --الجزء الخامس. أوله "المحصنات من النساء" وفيه صفوة ما قاله الأستاذ الإمام في دروسه في الأزهر، وقد إعتمدنا بعدد الآيات فيه على المصحف المطبوع في الآستانة والمصحف المطبوع في ألمانيا وفرقنا بينهما بنقطتين --الجزء السادس. أوله "لا يحب الله الجهر بالسوء" وقد إعتمدنا بعدد الآيات فيه على المصحف المطبوع في الآستانة والمصحف المطبوع في ألمانيا وفرقنا بينهما بنقطتين --الجزء السابع. أوله "لتجدن أشد الناس عداوة" وقد إعتمدنا بعدد الآيات فيه على المصحف المطبوع في الآستانة والمصحف المطبوع في ألمانيا وفرقنا بينهما بنقطتين --الجزء الثامن. أوله "ولو أننا نزلنا إليهم الملائكة" وقد إعتمدنا بعدد الآيات فيه على المصحف المطبوع الآستانة والمصحف المطبوع في ألمانيا وفرقنا بينهما بنقطتين.</subfield>
  </datafield>
  <datafield tag="588" ind1=" " ind2=" ">
    <subfield code="a">الوصف يستند إلى الجزء الأول.</subfield>
  </datafield>
  <datafield tag="630" ind1="0" ind2="4">
    <subfield code="a">قرآن</subfield>
    <subfield code="x">تفسير وتأويل.</subfield>
  </datafield>
  <datafield tag="630" ind1="0" ind2="0">
    <subfield code="a">Qur'an</subfield>
    <subfield code="x">Hermeneutics.</subfield>
  </datafield>
  <datafield tag="700" ind1="1" ind2=" ">
    <subfield code="6">880-09</subfield>
    <subfield code="a">ʻAbduh, Muḥammad,</subfield>
    <subfield code="d">1849-1905,</subfield>
    <subfield code="e">author.</subfield>
  </datafield>
  <datafield tag="852" ind1=" " ind2=" ">
    <subfield code="a">Jafet Library</subfield>
    <subfield code="e">American University of Beirut, Bliss Street , Beirut, Lebanon.</subfield>
  </datafield>
  <datafield tag="880" ind1="0" ind2=" ">
    <subfield code="6">100-01/(3/r</subfield>
    <subfield code="a">محمد رشيد رضا،</subfield>
    <subfield code="e">مؤلف. </subfield>
    <subfield code="4">aut.</subfield>
  </datafield>
  <datafield tag="880" ind1="1" ind2="0">
    <subfield code="6">240-02/(3/r</subfield>
    <subfield code="a">قرآن. تفاسير</subfield>
  </datafield>
  <datafield tag="880" ind1="1" ind2="0">
    <subfield code="6">245-03/(3/r</subfield>
    <subfield code="a">تفسير القرآن الحكيم المشتهر بإسم تفسير المنار /</subfield>
    <subfield code="c">تأليف السيد محمد رشيد رضا.</subfield>
  </datafield>
  <datafield tag="880" ind1="3" ind2="0">
    <subfield code="6">246-04/(3/r</subfield>
    <subfield code="a">تفسير المنار</subfield>
  </datafield>
  <datafield tag="880" ind1="1" ind2=" ">
    <subfield code="6">246-05/(3/r</subfield>
    <subfield code="a">Subtitle on volume 2:</subfield>
    <subfield code="a">tafsīr salafī atharī madanī ‘aṣrī irshādī ijtimā‘ī siyāsī</subfield>
  </datafield>
  <datafield tag="880" ind1=" " ind2=" ">
    <subfield code="6">250-06/(3/r</subfield>
    <subfield code="a">الطبعة الأولى.</subfield>
  </datafield>
  <datafield tag="880" ind1=" " ind2="1">
    <subfield code="6">264-07/(3/r</subfield>
    <subfield code="a">مصر :</subfield>
    <subfield code="b">مطبعة المنار،</subfield>
    <subfield code="c">1324-1346 هـ.، [1906-1927؟ م.]</subfield>
  </datafield>
  <datafield tag="880" ind1=" " ind2=" ">
    <subfield code="6">300-08/(3/r</subfield>
    <subfield code="a">8 أجزاء ؛</subfield>
    <subfield code="c">24 سم</subfield>
  </datafield>
  <datafield tag="880" ind1="1" ind2=" ">
    <subfield code="6">700-09/(3/r</subfield>
    <subfield code="a">عبده، محمد،</subfield>
    <subfield code="d">1849-1905،</subfield>
    <subfield code="e">مؤلف. </subfield>
    <subfield code="4">aut.</subfield>
  </datafield>
  <datafield tag="907" ind1=" " ind2=" ">
    <subfield code="a">.b12377740</subfield>
    <subfield code="b">15-10-15</subfield>
    <subfield code="c">11-05-24</subfield>
  </datafield>
  <datafield tag="907" ind1=" " ind2=" ">
    <subfield code="a">.b12377740</subfield>
    <subfield code="b">11-10-11</subfield>
    <subfield code="c">11-05-24</subfield>
  </datafield>
  <datafield tag="945" ind1=" " ind2=" ">
    <subfield code="f">J</subfield>
    <subfield code="a">297.207:R54tA:v.1:c.1</subfield>
    <subfield code="g">1</subfield>
    <subfield code="i">01010243</subfield>
    <subfield code="j">.i12832856</subfield>
    <subfield code="l">u0503</subfield>
  </datafield>
  <datafield tag="945" ind1=" " ind2=" ">
    <subfield code="f">J</subfield>
    <subfield code="a">297.207:R54tA:v.2:c.1</subfield>
    <subfield code="g">1</subfield>
    <subfield code="i">01010244</subfield>
    <subfield code="j">.i12832868</subfield>
    <subfield code="l">u0503</subfield>
  </datafield>
  <datafield tag="945" ind1=" " ind2=" ">
    <subfield code="f">J</subfield>
    <subfield code="a">297.207:R54tA:v.3:c.1</subfield>
    <subfield code="g">1</subfield>
    <subfield code="i">01010245</subfield>
    <subfield code="j">.i1283287x</subfield>
    <subfield code="l">u0503</subfield>
  </datafield>
  <datafield tag="945" ind1=" " ind2=" ">
    <subfield code="f">J</subfield>
    <subfield code="a">297.207:R54tA:v.4:c.1</subfield>
    <subfield code="g">1</subfield>
    <subfield code="i">01010246</subfield>
    <subfield code="j">.i12832881</subfield>
    <subfield code="l">u0503</subfield>
  </datafield>
  <datafield tag="945" ind1=" " ind2=" ">
    <subfield code="f">J</subfield>
    <subfield code="a">297.207:R54tA:v.5:c.1</subfield>
    <subfield code="g">1</subfield>
    <subfield code="i">01010247</subfield>
    <subfield code="j">.i12832893</subfield>
    <subfield code="l">u0503</subfield>
  </datafield>
  <datafield tag="945" ind1=" " ind2=" ">
    <subfield code="f">J</subfield>
    <subfield code="a">297.207:R54tA:v.6:c.1</subfield>
    <subfield code="g">1</subfield>
    <subfield code="i">01010248</subfield>
    <subfield code="j">.i1283290x</subfield>
    <subfield code="l">u0503</subfield>
  </datafield>
  <datafield tag="945" ind1=" " ind2=" ">
    <subfield code="f">J</subfield>
    <subfield code="a">297.207:R54tA:v.7:c.1</subfield>
    <subfield code="g">1</subfield>
    <subfield code="i">01010249</subfield>
    <subfield code="j">.i12832911</subfield>
    <subfield code="l">u0503</subfield>
  </datafield>
  <datafield tag="945" ind1=" " ind2=" ">
    <subfield code="f">J</subfield>
    <subfield code="a">297.207:R54tA:v.8:c.1</subfield>
    <subfield code="g">1</subfield>
    <subfield code="i">01010250</subfield>
    <subfield code="j">.i12832923</subfield>
    <subfield code="l">u0503</subfield>
  </datafield>
  <datafield tag="998" ind1=" " ind2=" ">
    <subfield code="a">u05</subfield>
    <subfield code="b">97-03-04</subfield>
    <subfield code="c">m</subfield>
    <subfield code="d">a</subfield>
    <subfield code="e">-</subfield>
    <subfield code="f">ara</subfield>
    <subfield code="g">ua </subfield>
    <subfield code="h">0</subfield>
    <subfield code="i">8</subfield>
  </datafield>
</record>
</collection>
